<record><leader>00000cas a2200000 a 4500</leader><controlfield tag="001">19402437</controlfield><controlfield tag="008">890320d18uu191ucaucr ne      0    0eng c</controlfield><datafield ind1=" " ind2=" " tag="010"><subfield code="a">sn 89070020 </subfield></datafield><datafield ind1=" " ind2=" " tag="040"><subfield code="a">YOX</subfield><subfield code="b">eng</subfield><subfield code="c">YOX</subfield><subfield code="d">CNK</subfield><subfield code="d">KRTAS</subfield><subfield code="d">CNK</subfield><subfield code="d">OCLCQ</subfield><subfield code="d">OCLCF</subfield><subfield code="d">OCLCO</subfield></datafield><datafield ind1="1" ind2=" " tag="029"><subfield code="a">AU@</subfield><subfield code="b">000020539623</subfield></datafield><datafield ind1=" " ind2=" " tag="042"><subfield code="a">pcc</subfield></datafield><datafield ind1=" " ind2=" " tag="043"><subfield code="a">n-us-ca</subfield></datafield><datafield ind1="0" ind2="4" tag="245"><subfield code="a">The Colton chronicle.</subfield></datafield><datafield ind1=" " ind2=" " tag="260"><subfield code="a">Colton, Cal. :</subfield><subfield code="b">R.M. McKie</subfield></datafield><datafield ind1=" " ind2=" " tag="300"><subfield code="a">v.</subfield></datafield><datafield ind1=" " ind2=" " tag="310"><subfield code="a">Semiweekly,</subfield><subfield code="b">&lt;Mar. 9, 1909-Dec. 29, 1911&gt;</subfield></datafield><datafield ind1=" " ind2=" " tag="321"><subfield code="a">Weekly,</subfield><subfield code="b">&lt;Feb. 28, 1891-May 3, 1902&gt;</subfield></datafield><datafield ind1=" " ind2=" " tag="530"><subfield code="a">Master negatives are available for duplication from:</subfield><subfield code="b">California Newspaper Microfilm Archive;</subfield><subfield code="c">positive copies may be purchased by the reel; for further information consult the CNMA at:</subfield><subfield code="u">http://cbsr.ucr.edu</subfield></datafield><datafield ind1=" " ind2=" " tag="588"><subfield code="a">Description based on: Vol. 13, no. 1 (June 7, 1890).</subfield></datafield><datafield ind1=" " ind2="0" tag="651"><subfield code="a">Colton (Calif.)</subfield><subfield code="v">Newspapers.</subfield></datafield><datafield ind1=" " ind2="7" tag="655"><subfield code="a">Newspapers.</subfield><subfield code="2">fast</subfield><subfield code="0">(OCoLC)fst01423814</subfield></datafield><datafield ind1=" " ind2="7" tag="651"><subfield code="a">California</subfield><subfield code="z">Colton.</subfield><subfield code="2">fast</subfield><subfield code="0">(OCoLC)fst01217481</subfield></datafield><datafield ind1=" " ind2=" " tag="752"><subfield code="a">United States</subfield><subfield code="b">California</subfield><subfield code="c">San Bernardino</subfield><subfield code="d">Colton.</subfield></datafield><datafield ind1="0" ind2="0" tag="780"><subfield code="t">Colton semi-tropic</subfield><subfield code="w">(DLC)sn 85066485</subfield></datafield><datafield ind1="0" ind2="7" tag="785"><subfield code="t">Colton sentinel and the Colton news</subfield><subfield code="w">(DLC)sn 96064499</subfield></datafield><datafield ind1="0" ind2="7" tag="785"><subfield code="t">Colton sentinel and chronicle-news</subfield><subfield code="w">(DLC)sn 96064500</subfield></datafield><datafield ind1=" " ind2=" " tag="938"><subfield code="a">Kirtas Technologies, Inc.</subfield><subfield code="b">KRTS</subfield><subfield code="n">740253</subfield></datafield></record>